@article{k-points,
    author = "Wahyu Setyawan and Stefano Curtarolo",
    title = "{High-throughput electronic band structure calculations: Challenges and tools}",
    journal = "Computational Materials Science",
    volume = "49",
    number = "2",
    pages = "299--312",
    year = "2010",
    DOI = "https://doi.org/10.1016/j.commatsci.2010.05.010",
    keywords = "High-throughput, Combinatorial materials science, Computer simulation, Brillouin zone integration, VASP, AFLOW, ACONVASP"
}